<record><leader>00000cas a22000007a 4500</leader><controlfield tag="001">14066876</controlfield><controlfield tag="008">860808d19791980njuwr ne      0    0eng d</controlfield><datafield ind1=" " ind2=" " tag="010"><subfield code="a">sn 86077206 </subfield></datafield><datafield ind1=" " ind2=" " tag="040"><subfield code="a">NPA</subfield><subfield code="b">eng</subfield><subfield code="c">NPA</subfield><subfield code="d">OCLCQ</subfield></datafield><datafield ind1=" " ind2=" " tag="042"><subfield code="a">msc</subfield></datafield><datafield ind1="0" ind2=" " tag="130"><subfield code="a">Morning news (Paterson, N.J. : 1979 : Weekend ed.)</subfield></datafield><datafield ind1="1" ind2="0" tag="245"><subfield code="a">Morning news.</subfield></datafield><datafield ind1="1" ind2="7" tag="246"><subfield code="a">News</subfield></datafield><datafield ind1=" " ind2=" " tag="250"><subfield code="a">Weekend ed.</subfield></datafield><datafield ind1=" " ind2=" " tag="260"><subfield code="a">Paterson, N.J. :</subfield><subfield code="b">News Print. Co.,</subfield><subfield code="c">1979-1980.</subfield></datafield><datafield ind1=" " ind2=" " tag="300"><subfield code="a">v. :</subfield><subfield code="b">ill.</subfield></datafield><datafield ind1=" " ind2=" " tag="310"><subfield code="a">Weekly</subfield></datafield><datafield ind1="0" ind2=" " tag="362"><subfield code="a">Vol. 89, no. 5 (Jan. 6, 1979)-v. 90, no. 106 (May 3, 1980).</subfield></datafield><datafield ind1=" " ind2=" " tag="580"><subfield code="a">Weekend ed. of: Evening news (Paterson, N.J.); and: Morning news (Paterson, N.J. : 1977).</subfield></datafield><datafield ind1=" " ind2=" " tag="752"><subfield code="a">United States</subfield><subfield code="b">New Jersey</subfield><subfield code="c">Passaic</subfield><subfield code="d">Paterson.</subfield></datafield><datafield ind1="1" ind2=" " tag="775"><subfield code="t">Evening news (Paterson, N.J.)</subfield><subfield code="w">(DLC)sn 85036012</subfield><subfield code="w">(OCoLC)14066966</subfield></datafield><datafield ind1="1" ind2=" " tag="775"><subfield code="t">Morning news (Paterson, N.J. : 1977)</subfield><subfield code="w">(DLC)sn 85036013</subfield><subfield code="w">(OCoLC)14066974</subfield></datafield><datafield ind1="0" ind2="0" tag="780"><subfield code="t">News (Paterson, N.J. : 1977 : Weekend ed.)</subfield><subfield code="w">(DLC)sn 86077209</subfield><subfield code="w">(OCoLC)14066869</subfield></datafield><datafield ind1="0" ind2="0" tag="785"><subfield code="t">News (Paterson, N.J. : 1980 : Weekend ed.)</subfield><subfield code="w">(DLC)sn 86077207</subfield><subfield code="w">(OCoLC)14066860</subfield></datafield></record>